<?xml version="1.0" encoding="UTF-8"?><collection xmlns="http://www.loc.gov/MARC21/slim"><record><leader>00635nam--2200193-i-4500</leader><controlfield tag="001">000016614</controlfield><controlfield tag="002">20161230</controlfield><controlfield tag="005">20161230201031</controlfield><controlfield tag="008">060222s1000------------r-----000-0-eng-d</controlfield><datafield ind1=" " ind2=" " tag="020"><subfield code="a">3540591605</subfield></datafield><datafield ind1=" " ind2=" " tag="040"><subfield code="a">IFIN-HH</subfield></datafield><datafield ind1=" " ind2=" " tag="080"><subfield code="a">539.17:539.215.6(061.3)</subfield></datafield><datafield ind1="1" ind2=" " tag="100"><subfield code="a">Anagnostatos, G.S. /S.A.</subfield></datafield><datafield ind1="1" ind2="0" tag="245"><subfield code="a">Atomic and nuclear clusters</subfield><subfield code="b">Proceedings of the second international conference st santorini, greece june 28 - july 2, 1993</subfield><subfield code="c">G.s. anagnostatos, w. von oertzen (eds.)</subfield></datafield><datafield ind1=" " ind2=" " tag="260"><subfield code="a">Berlin</subfield><subfield code="b">Springer- Verlag</subfield><subfield code="c">1994</subfield></datafield><datafield ind1=" " ind2=" " tag="300"><subfield code="a">317 P</subfield></datafield><datafield ind1="1" ind2=" " tag="700"><subfield code="a">Von Oertzen, W</subfield><subfield code="e">Ed</subfield></datafield><datafield ind1=" " ind2=" " tag="852"><subfield code="a">80786</subfield><subfield code="c">539.17</subfield></datafield><datafield ind1=" " ind2=" " tag="CAT"><subfield code="a">Sys</subfield><subfield code="c">20120628</subfield><subfield code="h">165008</subfield></datafield></record></collection>